

@misc{githubUdacityAIND,
  author = {Udacity},
  title = {{Artificial Intelligence Nanodegree Program Resources}},
  howpublished = "\url{https://github.com/udacity/artificial-intelligence}",
  year = {2019}, 
  note = "[Online; accessed 6-Jan-2019]"
}

@misc{githubYsraellAIND,
  author = {Israel de~Oliveira and Udacity},
  title = {{Artificial Intelligence Nanodegree Projects and Exercises}},
  howpublished = "\url{https://github.com/ysraell/aind}",
  year = {2019}, 
  note = "[Online; accessed 6-Jan-2019]"
}

@misc{githubUdacityAINDProj2,
  author = {Udacity},
  title = {{Projects: 2. Classical Planning}},
  howpublished = "\url{https://github.com/udacity/artificial-intelligence/tree/master/Projects/2_Classical%20Planning}",
  year = {2019}, 
  note = "[Online; accessed 6-Jan-2019]"
}

@article{russell2009artificial,
  title={Artificial intelligence: a modern approach. 3rd},
  author={Russell, Stuart and Norvig, Peter},
  journal={Essex, UK: Parentice Hall},
  pages={1152},
  year={2009}
}